@BOOK{Pachpatte,
	author    = {B. G. Pachpatte},
	title     = {Inequalities for Differential and Integral Equations},
	publisher = {Mathematics in Science and Engineering},
	volume    = {197},
	year      = {1998}
}

@ARTICLE{AlfimovZezyulin,
	author  = {G. L. Alfimov and D. A. Zezyulin},
	title   = {Nonlinear modes for the Gross--Pitaevskii equation with periodic potential},
	journal = {Nonlinearity},
	number  = {20},
	year    = {2007},
	pages   = {2075 -- 2092}
}

@BOOK{Hartman,
	author    = {P. Hartman},
	title     = {Ordinary Differential Equations},
	publisher = {New York: John Wiley and Sons},
	year      = {1964}
}

@BOOK{Coppel,
	author    = {W. A. Coppel},
	title     = {Stability and Asymptotic Behaviour of Differential Equations},
	publisher = {Boston: Heath and Co.},
	year      = {1965}
}

@ARTICLE{AlfimovLebedev,
	author  = {G. L. Alfimov and M. E. Lebedev},
	title   = {On Regular and Singular Solutions for Equation $u_{xx} + Q(x) u + P(x) u^3$},
	journal = {Ufa Mathematical Journal},
	number  = {2},
	volume  = {7},
	year    = {2015},
	pages   = {3 -- 16}
}