@ARTICLE{AlfimovLebedev,
	author   = {G. L. Alfimov and M. E. Lebedev},
	title    = {On regular and singular solutions for equation $u_{xx} + Q(x) u + P(x) u^3$},
	journal  = {Ufa Mathematical Journal},
	number   = {2},
	volume   = {7},
	year     = {2015},
	pages    = {3 -- 16},
	keywords = {own},
	langid   = {english}
}

@ARTICLE{LebedevAlfimovMalomed,
	title    = {Stable dipole solitons and soliton complexes in the nonlinear Schr{\"o}dinger equation with periodically modulated nonlinearity},
	author   = {M. E. Lebedev and G. L. Alfimov and B. Malomed},
	journal  = {Chaos},
	year     = {2016},
	volume   = {26},
	pages    = {073110},
	keywords = {own},
	langid   = {english}
}

@ARTICLE{AlfimovGegelLebedevMalomedZezyulin,
    author   = {G. L. Alfimov and L. A. Gegel and M. E. Lebedev and B. A. Malomed and D. A. Zezyulin},
	title    = {Localized modes in the Gross-Pitaevskii equation with a parabolic trapping potential and a nonlinear lattice pseudopotential},
	journal  = {Communications in Nonlinear Science and Numerical Simulation},
	volume   = {66},
	pages    = {194-207},
	year     = {2019},
	issn     = {1007-5704},
	keywords = {own},
	langid   = {english}
}

@ARTICLE{Ufa2015,
	author   = {Г. Л. Алфимов and М. Е. Лебедев},
	title    = {Стационарные моды нелинейного уравнения Шрёдингера в присутствии линейного и нелинейного потенциалов},
	journal  = {Proceedings, conference <<Фундаментальная математика и ее приложения в естествознании>>, BSU, Ufa},
	month    = {09},
	year     = {2015},
	keywords = {own},
	langid   = {russian}
}

@ARTICLE{NizhniNovgorod2016,
	author   = {M. E. Lebedev and G. L. Alfimov and B. A. Malomed},
	title    = {Stable dipole solitons and soliton complexes in the nonlinear Schr{\"o}dinger equation with periodically modulated nonlinearity},
	journal  = {Proceedings, international conference ``Dynamics, Bifurcations and Chaos III'', Lobachevsky State University of Nizhni Novgorod, Nizhni Novgorod},
	month    = {07},
	year     = {2016},
	keywords = {own},
	langid   = {english}
}

@ARTICLE{Bannoe2018,
	author   = {G. L. Alfimov and L. A. Gegel and M. E. Lebedev and D. A. Zezyulin and B. A. Malomed},
	title    = {Steady-states for the Gross-Pitaevskii equation with nonlinear lattice pseudo-\\potential},
	journal  = {Proceedings, international conference ``Complex Analysis, Mathematical Physics and Nonlinear Equations'', Bashkortostan, Bannoe Lake},
	month    = {03},
	year     = {2018},
	keywords = {own},
	langid   = {english}	
}

@ARTICLE{Tashkent2018,
	author   = {G. L. Alfimov and M. E. Lebedev and D. A. Zezyulin and B. A. Malomed},
	title    = {Steady-states for the Gross-Pitaevskii equation with nonlinear lattice pseudopotential},
	journal  = {Proceedings, international conference ``Nonlinear Phenomena in Bose Condensates and Optical Systems'', Tashkent, Uzbekistan},
	month    = {08},
	year     = {2018},
	keywords = {own},
	langid   = {english}	
}

@ARTICLE{Bannoe2019,
	author = {M. E. Lebedev and K. V. Shipitsyn},
	title = {Coding of solutions for the Duffing equation with non-homogeneous nonlinearity},
	journal  = {Proceedings, international conference ``Complex Analysis, Mathematical Physics and Nonlinear Equations'', Bashkortostan, Bannoe Lake},
	month    = {03},
	year     = {2019},
	keywords = {own},
	langid   = {english}	
}

@ARTICLE{Bannoe2021,
	author   = {M. E. Lebedev and G. L. Alfimov},
	title    = {Coding of bounded solutions of equation $u_{xx} - u + \eta(x) u^3 = 0$ with periodic piecewise constant function $\eta(x)$},
	journal  = {Proceedings, international conference ``Complex Analysis, Mathematical Physics and Nonlinear Equations'', Bashkortostan, Bannoe Lake},
	month    = {03},
	year     = {2021},
	keywords = {own},
	langid   = {english}	
}
